@article{Stich:2018vw,
author = {Stich, Sebastian U},
title = {{Local SGD Converges Fast and Communicates Little}},
journal = {arXiv.org},
year = {2018},
eprint = {1805.09767v2},
eprinttype = {arxiv},
eprintclass = {math.OC},
month = may,
}





@INPROCEEDINGS{Duchi:2010tk,
    author = {John C. Duchi and Shai Shalev-shwartz and Yoram Singer and Ambuj Tewari},
    title = {Composite objective mirror descent},
    booktitle = {Proceedings of the Annual Conference on Learning Theory (COLT)},
    year = {2010},
    pages = {14--26},
}


@incollection{Song:2017tu,
title = {Accelerated Stochastic Greedy Coordinate Descent by Soft Thresholding Projection onto Simplex},
author = {Song, Chaobing and Cui, Shaobo and Jiang, Yong and Xia, Shu-Tao},
booktitle = {Proceedings of Advances in Neural Information Processing Systems (NIPS'17)},
pages = {4838--4847},
year = {2017},
}


@book{Shalev2014Understanding,
  title={Understanding Machine Learning: From Theory to Algorithms},
  author={Shalev-Shwartz, Shai and Ben-David, Shai},
  publisher={Cambridge University Press},
  year={2014},
}


@article{Li:2014tt,
author = {Li, Mu and Andersen, David G and Park, Jun Woo and Smola, Alexander J and Ahmed, Amr and Josifovski, Vanja and Long, James and Shekita, Eugene J and Su, Bor-Yiing},
title = {{Scaling Distributed Machine Learning with the Parameter Server.}},
journal = {Proceedings of the USENIX Symposium on Operating Systems Design and Implementation (OSDI'14)},
year = {2014},
}


@article{Xing:2015dw,
author = {Xing, Eric P and Ho, Qirong and Dai, Wei and Kim, Jin Kyu and Wei, Jinliang and Lee, Seunghak and Zheng, Xun and Xie, Pengtao and Kumar, Abhimanu and Yu, Yaoliang},
title = {{Petuum: A New Platform for Distributed Machine Learning on Big Data}},
journal = {IEEE Transactions on Big Data},
year = {2015},
volume = {1},
number = {2},
pages = {49--67}
}

@inproceedings{Harlap2016Addressing,
  title={Addressing the straggler problem for iterative convergent parallel ML},
  author={Harlap, Aaron and Cui, Henggang and Dai, Wei and Wei, Jinliang and Ganger, Gregory R. and Gibbons, Phillip B. and Gibson, Garth A. and Xing, Eric P.},
  booktitle={Proceedings of the ACM Symposium on Cloud Computing (SOCC'16)},
  pages={98-111},
  year={2016},
}

@incollection{NIPS2017_6768,
title = {QSGD: Communication-Efficient SGD via Gradient Quantization and Encoding},
author = {Alistarh, Dan and Grubic, Demjan and Li, Jerry and Tomioka, Ryota and Vojnovic, Milan},
booktitle = {Proceedings of the Advances in Neural Information Processing Systems (NIPS'17)},
editor = {I. Guyon and U. V. Luxburg and S. Bengio and H. Wallach and R. Fergus and S. Vishwanathan and R. Garnett},
pages = {1709--1720},
year = {2017},
}


@inproceedings{Wangni:2017vj,
author = {Wangni, Jianqiao and Wang, Jialei and Liu, Ji and Zhang, Tong},
title = {{Gradient Sparsification for Communication-Efficient Distributed Optimization}},
booktitle = {Proceedings of the Advances in Neural Information Processing Systems (NIPS'18)},
year = {2018},
pages = {1-9},
}


@inproceedings{Zhang:2016wx,
author = {Zhang, Hantian and Li, Jerry and Kara, Kaan and Alistarh, Dan and Liu, Ji and Zhang, Ce},
title = {{The ZipML Framework for Training Models with End-to-End Low Precision: The Cans, the Cannots, and a Little Bit of Deep Learning}},
booktitle = {Proceedings of the International Conference on Machine Learning (ICML'17)},
year = {2017},
pages = {1-9},
}

@inproceedings{Li:2014:CED,
 author = {Li, Mu and Andersen, David G. and Smola, Alexander and Yu, Kai},
 title = {Communication Efficient Distributed Machine Learning with the Parameter Server},
 booktitle = {Proceedings of the 27th International Conference on Neural Information Processing Systems (NIPS'14)},
 year = {2014},
 pages = {19--27},
} 


@inproceedings{Duchi2008Efficient,
  title={Efficient projections onto the l 1 -ball for learning in high dimensions},
  author={Duchi and John and ShalevShwartz and Shai and Singer and Yoram and Chandra and Tushar},
  booktitle={Proceedings of the International Conference on Machine Learning (ICML'08)},
  pages={272-279},
  year={2008},
}


@Misc{elias,
howpublished = {\url{https://en.wikipedia.org/wiki/Elias_gamma_coding}},
note = {Accessed Septemper 10, 2018},
title = {Elias gamma coding},
author = {Wikipedia},
year = {2018},
}


@Misc{bloomfilter,
howpublished = {\url{https://en.wikipedia.org/wiki/Bloom_filter}},
note = {Accessed Septemper 10, 2018},
title = {Bloom filter},
author = {Wikipedia},
year = {2018},
}


@Misc{dmtk,
howpublished = {\url{http://www.dmtk.io}},
note = {Accessed Septemper 10, 2018},
title = {Distributed Machine Learning Toolkit},
author = {Microsoft Research Lab - Asia},
year = {2018},
}

@article{Bach2012Optimization,
  title={Optimization with Sparsity-Inducing Penalties},
  author={Bach, Francis and Jenatton, Rodolphe and Mairal, Julien and Obozinski, Guillaume},
  journal={Foundations \& Trends in Machine Learning},
  volume={4},
  number={1},
  pages={1-106},
  year={2012},
}

@article{Xie:2016vt,
author = {Xie, Pengtao and Kim, Jin Kyu and Zhou, Yi and Ho, Qirong and Kumar, Abhimanu and Yu, Yaoliang and Xing, Eric P},
title = {{Lighter-Communication Distributed Machine Learning via Sufficient Factor Broadcasting.}},
journal = {Proceedings of the Conference on Uncertainty in Artificial Intelligence (UAI'16)},
year = {2016}
}


@article{Zhang:2013wq,
author = {Zhang, Yuchen and Duchi, John C and Wainwright, Martin J},
title = {{Communication-efficient algorithms for statistical optimization.}},
journal = {Journal of Machine Learning Research},
year = {2013},
pages = {3321--3363},
}


@InProceedings{pmlr-v65-wang17a,
  title =    {Memory and Communication Efficient Distributed Stochastic Optimization with Minibatch Prox},
  author =   {Jialei Wang and Weiran Wang and Nathan Srebro},
  booktitle =    {Proceedings of the Conference on Learning Theory (COLT'17)},
  pages =    {1882--1919},
  year =   {2017},
  volume =   {65},
}

@article{Smith:2016wp,
author = {Smith, Virginia and Forte, Simone and Ma, Chenxin and Tak{\'a}{\v c}, Martin and Jordan, Michael I and Jaggi, Martin},
title = {{CoCoA: A General Framework for Communication-Efficient Distributed Optimization}},
journal = {arXiv.org},
year = {2016},
eprint = {1611.02189v1},
eprinttype = {arxiv},
eprintclass = {cs.LG},
month = nov
}

@inproceedings{Jaggi:2014,
 author = {Jaggi, Martin and Smith, Virginia and Tak\'{a}\v{c}, Martin and Terhorst, Jonathan and Krishnan, Sanjay and Hofmann, Thomas and Jordan, Michael I.},
 title = {Communication-efficient Distributed Dual Coordinate Ascent},
 booktitle = {Proceedings of the 27th International Conference on Neural Information Processing Systems (NIPS'14)},
 year = {2014},
 pages = {3068--3076},
} 


@article{Renggli:2018uf,
author = {Renggli, C{\`e}dric and Alistarh, Dan and Hoefler, Torsten},
title = {{SparCML: High-Performance Sparse Communication for Machine Learning}},
journal = {arXiv.org},
year = {2018},
eprint = {1802.08021v1},
eprinttype = {arxiv},
eprintclass = {cs.DC},
}

@inproceedings{alhamaji2017,
  title     = "Sparse Communication for Distributed Gradient Descent",
  author    = "Alham Aji and Kenneth Heafield",
  year      = "2017",
  pages     = "440--445",
  booktitle = "Proceedings of the Conference on Empirical Methods in Natural Language Processing (EMNLP'17)",
}


@inproceedings{Ye:2018uc,
author = {Ye, Min and Abbe, Emmanuel},
title = {{Communication-Computation Efficient Gradient Coding}},
booktitle = {Proceedings of the International Conference on Machine Learning (ICML'18)},
pages = {1--9},
year = {2018},
}


@article{Reddi:2016wm,
author = {Reddi, Sashank J and Konecn{\'{y}}, Jakub and Richt{\'a}rik, Peter and P{\'o}czos, Barnab{\'a}s and Smola, Alexander J},
title = {{AIDE - Fast and Communication Efficient Distributed Optimization.}},
journal = {CoRR},
year = {2016},
volume = {math.OC}
}

@inproceedings{Shamir:2014:CDO,
 author = {Shamir, Ohad and Srebro, Nathan and Zhang, Tong},
 title = {Communication-efficient Distributed Optimization Using an Approximate Newton-type Method},
 booktitle = {Proceedings of the 31st International Conference on International Conference on Machine Learning (ICML'14)},
 year = {2014},
 location = {Beijing, China},
 pages = {1000--1008},
} 

@InProceedings{pmlr-v37-zhangb15,
  title =    {DiSCO: Distributed Optimization for Self-Concordant Empirical Loss},
  author =   {Yuchen Zhang and Xiao Lin},
  booktitle =    {Proceedings of the 32nd International Conference on Machine Learning (ICML'15)},
  pages =    {362--370},
  year =   {2015},
}



